{
  "leader": "02368cam a2200457Ii 4500",
  "fields": [
    {
      "001": "ocm00321432\\"
    },
    {
      "003": "OCoLC"
    },
    {
      "005": "20220106121314.0"
    },
    {
      "008": "720531s1936\\\\\\\\nyu\\\\\\\\\\\\\\\\\\\\\\000\\0\\eng\\d"
    },
    {
      "010": {
        "ind1": "\\",
        "ind2": "\\",
        "subfields": [
          {
            "z": "   36008628 "
          }
        ]
      }
    },
    {
      "040": {
        "ind1": "\\",
        "ind2": "\\",
        "subfields": [
          {
            "a": "ATO"
          },
          {
            "b": "eng"
          },
          {
            "e": "rda"
          },
          {
            "c": "ATO"
          },
          {
            "d": "OCL"
          },
          {
            "d": "KSU"
          },
          {
            "d": "OCL"
          },
          {
            "d": "MUQ"
          },
          {
            "d": "OCLCG"
          },
          {
            "d": "WY@"
          },
          {
            "d": "NIALS"
          },
          {
            "d": "UKMGB"
          },
          {
            "d": "OCLCQ"
          },
          {
            "d": "OCLCO"
          },
          {
            "d": "OCLCF"
          },
          {
            "d": "OCLCQ"
          },
          {
            "d": "MXL"
          },
          {
            "d": "OCL"
          },
          {
            "d": "PTS"
          },
          {
            "d": "OCLCA"
          },
          {
            "d": "IL4J6"
          },
          {
            "d": "OCLCO"
          }
        ]
      }
    },
    {
      "016": {
        "ind1": "7",
        "ind2": "\\",
        "subfields": [
          {
            "a": "002177613"
          },
          {
            "2": "Uk"
          }
        ]
      }
    },
    {
      "016": {
        "ind1": "7",
        "ind2": "\\",
        "subfields": [
          {
            "a": "012813218"
          },
          {
            "2": "Uk"
          }
        ]
      }
    },
    {
      "019": {
        "ind1": "\\",
        "ind2": "\\",
        "subfields": [
          {
            "a": "564428"
          },
          {
            "a": "9183647"
          },
          {
            "a": "365678167"
          },
          {
            "a": "560749214"
          },
          {
            "a": "642880221"
          },
          {
            "a": "972890176"
          },
          {
            "a": "972950992"
          },
          {
            "a": "973038564"
          },
          {
            "a": "994435006"
          },
          {
            "a": "1010851679"
          },
          {
            "a": "1150864245"
          },
          {
            "a": "1244457519"
          }
        ]
      }
    },
    {
      "035": {
        "ind1": "\\",
        "ind2": "\\",
        "subfields": [
          {
            "a": "(OCoLC)321432"
          },
          {
            "z": "(OCoLC)564428"
          },
          {
            "z": "(OCoLC)9183647"
          },
          {
            "z": "(OCoLC)365678167"
          },
          {
            "z": "(OCoLC)560749214"
          },
          {
            "z": "(OCoLC)642880221"
          },
          {
            "z": "(OCoLC)972890176"
          },
          {
            "z": "(OCoLC)972950992"
          },
          {
            "z": "(OCoLC)973038564"
          },
          {
            "z": "(OCoLC)994435006"
          },
          {
            "z": "(OCoLC)1010851679"
          },
          {
            "z": "(OCoLC)1150864245"
          },
          {
            "z": "(OCoLC)1244457519"
          }
        ]
      }
    },
    {
      "050": {
        "ind1": "\\",
        "ind2": "0",
        "subfields": [
          {
            "a": "BL53"
          },
          {
            "b": ".L5"
          }
        ]
      }
    },
    {
      "082": {
        "ind1": "0",
        "ind2": "4",
        "subfields": [
          {
            "a": "200.19"
          },
          {
            "b": "LIN"
          }
        ]
      }
    },
    {
      "100": {
        "ind1": "1",
        "ind2": "\\",
        "subfields": [
          {
            "a": "Link, Henry C."
          },
          {
            "q": "(Henry Charles),"
          },
          {
            "d": "1889-1952."
          }
        ]
      }
    },
    {
      "245": {
        "ind1": "1",
        "ind2": "4",
        "subfields": [
          {
            "a": "The return to religion /"
          },
          {
            "c": "by Henry C. Link."
          }
        ]
      }
    },
    {
      "264": {
        "ind1": "\\",
        "ind2": "1",
        "subfields": [
          {
            "a": "New York :"
          },
          {
            "b": "the Macmillan Company,"
          },
          {
            "c": "1936."
          }
        ]
      }
    },
    {
      "300": {
        "ind1": "\\",
        "ind2": "\\",
        "subfields": [
          {
            "a": "181 pages ;"
          },
          {
            "c": "21 cm"
          }
        ]
      }
    },
    {
      "336": {
        "ind1": "\\",
        "ind2": "\\",
        "subfields": [
          {
            "a": "text"
          },
          {
            "b": "txt"
          },
          {
            "2": "rdacontent"
          }
        ]
      }
    },
    {
      "337": {
        "ind1": "\\",
        "ind2": "\\",
        "subfields": [
          {
            "a": "unmediated"
          },
          {
            "b": "n"
          },
          {
            "2": "rdamedia"
          }
        ]
      }
    },
    {
      "338": {
        "ind1": "\\",
        "ind2": "\\",
        "subfields": [
          {
            "a": "volume"
          },
          {
            "b": "nc"
          },
          {
            "2": "rdacarrier"
          }
        ]
      }
    },
    {
      "340": {
        "ind1": "\\",
        "ind2": "\\",
        "subfields": [
          {
            "m": "8vo."
          },
          {
            "2": "rdabf"
          }
        ]
      }
    },
    {
      "505": {
        "ind1": "0",
        "ind2": "\\",
        "subfields": [
          {
            "a": "My return to religion -- I go to church -- The achievement of happiness -- Fools of reason -- Wine at weddings ; On playing bridge ; On dancing ; On the successful business man ; To a student waiter ; On converting good books ; On religious conflicts  On character and personality -- Children are made -- Love and marriage -- Social planning -- The vice of education -- The abundant life."
          }
        ]
      }
    },
    {
      "650": {
        "ind1": "\\",
        "ind2": "0",
        "subfields": [
          {
            "a": "Psychology, Religious."
          }
        ]
      }
    },
    {
      "650": {
        "ind1": "\\",
        "ind2": "0",
        "subfields": [
          {
            "a": "Personality."
          }
        ]
      }
    },
    {
      "650": {
        "ind1": "\\",
        "ind2": "0",
        "subfields": [
          {
            "a": "Psychology, Applied."
          }
        ]
      }
    },
    {
      "650": {
        "ind1": "\\",
        "ind2": "0",
        "subfields": [
          {
            "a": "Apologetics."
          }
        ]
      }
    },
    {
      "650": {
        "ind1": "\\",
        "ind2": "0",
        "subfields": [
          {
            "a": "Apologetics"
          },
          {
            "x": "History"
          },
          {
            "y": "20th century."
          }
        ]
      }
    },
    {
      "650": {
        "ind1": "\\",
        "ind2": "7",
        "subfields": [
          {
            "a": "Apologetics."
          },
          {
            "2": "fast"
          },
          {
            "0": "(OCoLC)fst00811449"
          }
        ]
      }
    },
    {
      "650": {
        "ind1": "\\",
        "ind2": "7",
        "subfields": [
          {
            "a": "Personality."
          },
          {
            "2": "fast"
          },
          {
            "0": "(OCoLC)fst01058667"
          }
        ]
      }
    },
    {
      "650": {
        "ind1": "\\",
        "ind2": "7",
        "subfields": [
          {
            "a": "Psychology, Applied."
          },
          {
            "2": "fast"
          },
          {
            "0": "(OCoLC)fst01081562"
          }
        ]
      }
    },
    {
      "650": {
        "ind1": "\\",
        "ind2": "7",
        "subfields": [
          {
            "a": "Psychology, Religious."
          },
          {
            "2": "fast"
          },
          {
            "0": "(OCoLC)fst01081630"
          }
        ]
      }
    },
    {
      "648": {
        "ind1": "\\",
        "ind2": "7",
        "subfields": [
          {
            "a": "1900-1999"
          },
          {
            "2": "fast"
          }
        ]
      }
    },
    {
      "655": {
        "ind1": "\\",
        "ind2": "7",
        "subfields": [
          {
            "a": "History."
          },
          {
            "2": "fast"
          },
          {
            "0": "(OCoLC)fst01411628"
          }
        ]
      }
    },
    {
      "776": {
        "ind1": "0",
        "ind2": "8",
        "subfields": [
          {
            "i": "Online version:"
          },
          {
            "a": "Link, Henry C. (Henry Charles), 1889-1952."
          },
          {
            "t": "Return to religion."
          },
          {
            "d": "New York, The Macmillan company, 1936"
          },
          {
            "w": "(OCoLC)612579034"
          }
        ]
      }
    },
    {
      "994": {
        "ind1": "\\",
        "ind2": "\\",
        "subfields": [
          {
            "a": "Z0"
          },
          {
            "b": "NYRVC"
          }
        ]
      }
    },
    {
      "948": {
        "ind1": "\\",
        "ind2": "\\",
        "subfields": [
          {
            "h": "NO HOLDINGS IN NYRVC - 720 OTHER HOLDINGS"
          }
        ]
      }
    },
    {
      "999": {
        "ind1": "\\",
        "ind2": "\\",
        "subfields": [
          {
            "a": "00000000016520"
          }
        ]
      }
    }
  ]
}